\RequirePackage{filecontents}

\begin{filecontents}{\bibliografia.bib}

@inproceedings{viola2001rapid,
	title={Rapid object detection using a boosted cascade of simple features},
	author={Viola, Paul and Jones, Michael},
	booktitle={Proceedings of the 2001 IEEE computer society conference on computer vision and pattern recognition. CVPR 2001},
	volume={1},
	pages={I--I},
	year={2001},
	organization={IEEE}
}

@article{zou2019object,
	title={Object detection in 20 years: A survey},
	author={Zou, Zhengxia and Shi, Zhenwei and Guo, Yuhong and Ye, Jieping},
	journal={arXiv preprint arXiv:1905.05055},
	year={2019}
}

@article{hubel1959receptive,
	title={Receptive fields of single neurones in the cat's striate cortex},
	author={Hubel, David H and Wiesel, Torsten N},
	journal={The Journal of physiology},
	volume={148},
	number={3},
	pages={574--591},
	year={1959},
	publisher={Wiley Online Library}
}

@inproceedings{felzenszwalb2008discriminatively,
	title={A discriminatively trained, multiscale, deformable part model},
	author={Felzenszwalb, Pedro and McAllester, David and Ramanan, Deva},
	booktitle={2008 IEEE conference on computer vision and pattern recognition},
	pages={1--8},
	year={2008},
	organization={IEEE}
}

@inproceedings{sadeghi201430hz,
	title={30hz object detection with dpm v5},
	author={Sadeghi, Mohammad Amin and Forsyth, David},
	booktitle={European Conference on Computer Vision},
	pages={65--79},
	year={2014},
	organization={Springer}
}

@inproceedings{girshick2014rich,
	title={Rich feature hierarchies for accurate object detection and semantic segmentation},
	author={Girshick, Ross and Donahue, Jeff and Darrell, Trevor and Malik, Jitendra},
	booktitle={Proceedings of the IEEE conference on computer vision and pattern recognition},
	pages={580--587},
	year={2014}
}

@article{he2015spatial,
	title={Spatial pyramid pooling in deep convolutional networks for visual recognition},
	author={He, Kaiming and Zhang, Xiangyu and Ren, Shaoqing and Sun, Jian},
	journal={IEEE transactions on pattern analysis and machine intelligence},
	volume={37},
	number={9},
	pages={1904--1916},
	year={2015},
	publisher={IEEE}
}

@inproceedings{liu2016ssd,
	title={Ssd: Single shot multibox detector},
	author={Liu, Wei and Anguelov, Dragomir and Erhan, Dumitru and Szegedy, Christian and Reed, Scott and Fu, Cheng-Yang and Berg, Alexander C},
	booktitle={European conference on computer vision},
	pages={21--37},
	year={2016},
	organization={Springer}
}

@inproceedings{lin2017feature,
	title={Feature pyramid networks for object detection},
	author={Lin, Tsung-Yi and Doll{\'a}r, Piotr and Girshick, Ross and He, Kaiming and Hariharan, Bharath and Belongie, Serge},
	booktitle={Proceedings of the IEEE conference on computer vision and pattern recognition},
	pages={2117--2125},
	year={2017}
}

@inproceedings{lin2017focal,
	title={Focal loss for dense object detection},
	author={Lin, Tsung-Yi and Goyal, Priya and Girshick, Ross and He, Kaiming and Doll{\'a}r, Piotr},
	booktitle={Proceedings of the IEEE international conference on computer vision},
	pages={2980--2988},
	year={2017}
}

@inproceedings{zhang2018single,
	title={Single-shot refinement neural network for object detection},
	author={Zhang, Shifeng and Wen, Longyin and Bian, Xiao and Lei, Zhen and Li, Stan Z},
	booktitle={Proceedings of the IEEE conference on computer vision and pattern recognition},
	pages={4203--4212},
	year={2018}
}

@inproceedings{li2019scale,
	title={Scale-aware trident networks for object detection},
	author={Li, Yanghao and Chen, Yuntao and Wang, Naiyan and Zhang, Zhaoxiang},
	booktitle={Proceedings of the IEEE/CVF International Conference on Computer Vision},
	pages={6054--6063},
	year={2019}
}

@article{wang2020scaled,
	title={Scaled-YOLOv4: Scaling Cross Stage Partial Network},
	author={Wang, Chien-Yao and Bochkovskiy, Alexey and Liao, Hong-Yuan Mark},
	journal={arXiv preprint arXiv:2011.08036},
	year={2020}
}


@article{simonyan2014very,
	title={Very deep convolutional networks for large-scale image recognition},
	author={Simonyan, Karen and Zisserman, Andrew},
	journal={arXiv preprint arXiv:1409.1556},
	year={2014}
}

@inproceedings{resnet,
	title={Deep residual learning for image recognition},
	author={He, Kaiming and Zhang, Xiangyu and Ren, Shaoqing and Sun, Jian},
	booktitle={Proceedings of the IEEE conference on computer vision and pattern recognition},
	pages={770--778},
	year={2016}
}


@inproceedings{bansal2018zero,
	title={Zero-shot object detection},
	author={Bansal, Ankan and Sikka, Karan and Sharma, Gaurav and Chellappa, Rama and Divakaran, Ajay},
	booktitle={Proceedings of the European Conference on Computer Vision (ECCV)},
	pages={384--400},
	year={2018}
}
@article{zhu2018zero,
	title={Zero shot detection},
	author={Zhu, Pengkai and Wang, Hanxiao and Saligrama, Venkatesh},
	journal={IEEE Transactions on Circuits and Systems for Video Technology},
	year={2018},
	publisher={IEEE}
}

@inproceedings{rahman2018zero,
	title={Zero-shot object detection: Learning to simultaneously recognize and localize novel concepts},
	author={Rahman, Shafin and Khan, Salman and Porikli, Fatih},
	booktitle={Asian Conference on Computer Vision},
	pages={547--563},
	year={2018},
	organization={Springer}
}

@article{zero-shot-generalizado,
	author = {Xian, Yongqin and Lampert, Christoph and Schiele, Bernt and Akata, Zeynep},
	year = {2017},
	month = {07},
	pages = {},
	title = {Zero-Shot Learning - A Comprehensive Evaluation of the Good, the Bad and the Ugly},
	volume = {PP},
	journal = {IEEE Transactions on Pattern Analysis and Machine Intelligence},
	doi = {10.1109/TPAMI.2018.2857768}
}

@inproceedings{mikolov2013distributed,
	title={Distributed representations of words and phrases and their compositionality},
	author={Mikolov, Tomas and Sutskever, Ilya and Chen, Kai and Corrado, Greg S and Dean, Jeff},
	booktitle={Advances in neural information processing systems},
	pages={3111--3119},
	year={2013}
}

@inproceedings{zitnick2014edge,
	title={Edge boxes: Locating object proposals from edges},
	author={Zitnick, C Lawrence and Doll{\'a}r, Piotr},
	booktitle={European conference on computer vision},
	pages={391--405},
	year={2014},
	organization={Springer}
}

@article{uijlings2013selective,
	title={Selective search for object recognition},
	author={Uijlings, Jasper RR and Van De Sande, Koen EA and Gevers, Theo and Smeulders, Arnold WM},
	journal={International journal of computer vision},
	volume={104},
	number={2},
	pages={154--171},
	year={2013},
	publisher={Springer}
}

@inproceedings{kodirov2017semantic,
	title={Semantic autoencoder for zero-shot learning},
	author={Kodirov, Elyor and Xiang, Tao and Gong, Shaogang},
	booktitle={Proceedings of the IEEE Conference on Computer Vision and Pattern Recognition},
	pages={3174--3183},
	year={2017}
}

@inproceedings{padilla2020survey,
	title={A survey on performance metrics for object-detection algorithms},
	author={Padilla, Rafael and Netto, Sergio L and da Silva, Eduardo AB},
	booktitle={2020 International Conference on Systems, Signals and Image Processing (IWSSIP)},
	pages={237--242},
	year={2020},
	organization={IEEE}
}

@article{rahman2020zero,
	title={Zero-shot object detection: Joint recognition and localization of novel concepts},
	author={Rahman, Shafin and Khan, Salman H and Porikli, Fatih},
	journal={International Journal of Computer Vision},
	volume={128},
	number={12},
	pages={2979--2999},
	year={2020},
	publisher={Springer}
}

@article{krizhevsky2012imagenet,
	title={Imagenet classification with deep convolutional neural networks},
	author={Krizhevsky, Alex and Sutskever, Ilya and Hinton, Geoffrey E},
	journal={Advances in neural information processing systems},
	volume={25},
	pages={1097--1105},
	year={2012}
}

@inproceedings{redmon2016you,
	title={You only look once: Unified, real-time object detection},
	author={Redmon, Joseph and Divvala, Santosh and Girshick, Ross and Farhadi, Ali},
	booktitle={Proceedings of the IEEE conference on computer vision and pattern recognition},
	pages={779--788},
	year={2016}
}

@article{ren2015faster,
	title={Faster r-cnn: Towards real-time object detection with region proposal networks},
	author={Ren, Shaoqing and He, Kaiming and Girshick, Ross and Sun, Jian},
	journal={arXiv preprint arXiv:1506.01497},
	year={2015}
}

@inproceedings{pennington2014glove,
	title={Glove: Global vectors for word representation},
	author={Pennington, Jeffrey and Socher, Richard and Manning, Christopher D},
	booktitle={Proceedings of the 2014 conference on empirical methods in natural language processing (EMNLP)},
	pages={1532--1543},
	year={2014}
}

@inproceedings{gupta2020multi,
	title={A Multi-Space Approach to Zero-Shot Object Detection},
	author={Gupta, Dikshant and Anantharaman, Aditya and Mamgain, Nehal and Balasubramanian, Vineeth N and Jawahar, CV and others},
	booktitle={Proceedings of the IEEE/CVF Winter Conference on Applications of Computer Vision},
	pages={1209--1217},
	year={2020}
}

@inproceedings{rahman2020improved,
	title={Improved visual-semantic alignment for zero-shot object detection},
	author={Rahman, Shafin and Khan, Salman and Barnes, Nick},
	booktitle={Proceedings of the AAAI Conference on Artificial Intelligence},
	volume={34},
	number={07},
	pages={11932--11939},
	year={2020}
}

@inproceedings{abdalwhab2019zero,
	title={Zero-Shot Object Detection for Indoor Robots},
	author={Abdalwhab, Abdalwhab and Liu, Huaping},
	booktitle={2019 International Joint Conference on Neural Networks (IJCNN)},
	pages={1--8},
	year={2019},
	organization={IEEE}
}

@article{rezaei2020zero,
	title={Zero-shot learning and its applications from autonomous vehicles to covid-19 diagnosis: A review},
	author={Rezaei, Mahdi and Shahidi, Mahsa},
	journal={Intelligence-based medicine},
	pages={100005},
	year={2020},
	publisher={Elsevier}
}

@inproceedings{krishnavisualgenome,
	title={Visual Genome: Connecting Language and Vision Using Crowdsourced Dense Image Annotations},
	author={Krishna, Ranjay and Zhu, Yuke and Groth, Oliver and Johnson, Justin and Hata, Kenji and Kravitz, Joshua and Chen, Stephanie and Kalantidis, Yannis and Li, Li-Jia and Shamma, David A and Bernstein, Michael and Fei-Fei, Li},
	year = {2016},
	url = {https://arxiv.org/abs/1602.07332},
}

\end{filecontents}